<?xml version="1.0" encoding="UTF-8"?><collection xmlns="http://www.loc.gov/MARC21/slim"><record><leader>00447nam--2200145-i-4500</leader><controlfield tag="001">000040590</controlfield><controlfield tag="002">20161230</controlfield><controlfield tag="005">20161230201042</controlfield><controlfield tag="008">060222s1000------------r-----000-0-eng-d</controlfield><datafield ind1=" " ind2=" " tag="080"><subfield code="a">547</subfield></datafield><datafield ind1=" " ind2=" " tag="100"><subfield code="a">Schenk, George H</subfield></datafield><datafield ind1=" " ind2=" " tag="245"><subfield code="a">Organic functional group analysis. theory and development</subfield></datafield><datafield ind1=" " ind2=" " tag="260"><subfield code="a">Oxford, Pergamon Press, 1968, X + 297p</subfield></datafield><datafield ind1=" " ind2=" " tag="490"><subfield code="a">The Commonwealth And Intern.Library, Selected Reading In Analytical Chemistry</subfield></datafield><datafield ind1=" " ind2=" " tag="852"><subfield code="a">29600</subfield></datafield></record></collection>